@inproceedings{liu2022aerial,
  title={Aerial Image Dehazing Network Compression: Towards Micro-UAVâ€™S Real-Time Online Inferencing},
  author={Liu, Lulu and Meng, Zhijun and Wang, Kaipeng and Zhang, Jiahui and Wang, Zichen},
  booktitle={International Conference on Image, Vision and Intelligent Systems},
  pages={442--453},
  year={2022},
  organization={Springer}
}

@article{suresh2022rich,
  title={Rich feature distillation with feature affinity module for efficient image dehazing},
  author={Suresh, Anushri and Nisha, JS and Gopi, Varun P and others},
  journal={Optik},
  volume={267},
  pages={169656},
  year={2022},
  publisher={Elsevier}
}

@inproceedings{hong2020distilling,
  title={Distilling image dehazing with heterogeneous task imitation},
  author={Hong, Ming and Xie, Yuan and Li, Cuihua and Qu, Yanyun},
  booktitle={Proceedings of the IEEE/CVF Conference on Computer Vision and Pattern Recognition},
  pages={3462--3471},
  year={2020}
}

@book{lillesand2014remote,
  title={Remote Sensing and Image Interpretation},
  author={Lillesand, T. M. and Kiefer, R. W. and Chipman, J. W.},
  year={2014},
  publisher={John Wiley \& Sons}
}


@article{guo2020rsdehazenet,
  title={RSDehazeNet: Dehazing network with channel refinement for multispectral remote sensing images},
  author={Guo, Jianhua and Yang, Jingyu and Yue, Huanjing and Tan, Hai and Hou, Chunping and Li, Kun},
  journal={IEEE Transactions on geoscience and remote sensing},
  volume={59},
  number={3},
  pages={2535--2549},
  year={2020},
  publisher={IEEE}
}

@article{ma2021light,
  title={Light-YOLOv4: An edge-device oriented target detection method for remote sensing images},
  author={Ma, Xiaojie and Ji, Kefeng and Xiong, Boli and Zhang, Linbin and Feng, Sijia and Kuang, Gangyao},
  journal={IEEE Journal of Selected Topics in Applied Earth Observations and Remote Sensing},
  volume={14},
  pages={10808--10820},
  year={2021},
  publisher={IEEE}
}

@article{tam2021adaptive,
  title={Adaptive resource optimized edge federated learning in real-time image sensing classifications},
  author={Tam, Prohim and Math, Sa and Nam, Chaebeen and Kim, Seokhoon},
  journal={IEEE Journal of Selected Topics in Applied Earth Observations and Remote Sensing},
  volume={14},
  pages={10929--10940},
  year={2021},
  publisher={IEEE}
}

@article{li2020nasa,
  title={NASA NeMO-net's convolutional neural network: mapping marine habitats with spectrally heterogeneous remote sensing imagery},
  author={Li, Alan S and Chirayath, Ved and Segal-Rozenhaimer, Michal and Torres-Perez, Juan L and van den Bergh, Jarrett},
  journal={IEEE journal of selected topics in applied earth observations and remote sensing},
  volume={13},
  pages={5115--5133},
  year={2020},
  publisher={IEEE}
}

@inproceedings{feng2019suppressing,
  title={Suppressing model overfitting for image super-resolution networks},
  author={Feng, Ruicheng and Gu, Jinjin and Qiao, Yu and Dong, Chao},
  booktitle={Proceedings of the IEEE/CVF Conference on Computer Vision and Pattern Recognition Workshops},
  pages={0--0},
  year={2019}
}

@inproceedings{du2019visdrone,
  title={VisDrone-DET2019: The vision meets drone object detection in image challenge results},
  author={Du, Dawei and Zhu, Pengfei and Wen, Longyin and Bian, Xiao and Lin, Haibin and Hu, Qinghua and Peng, Tao and Zheng, Jiayu and Wang, Xinyao and Zhang, Yue and others},
  booktitle={Proceedings of the IEEE/CVF international conference on computer vision workshops},
  pages={0--0},
  year={2019}
}

@inproceedings{yu2022dair,
  title={DAIR-V2X: A Large-Scale Dataset for Vehicle-Infrastructure Cooperative 3D Object Detection},
  author={Yu, Haibao and Luo, Yizhen and Shu, Mao and Huo, Yiyi and Yang, Zebang and Shi, Yifeng and Guo, Zhenglong and Li, Hanyu and Hu, Xing and Yuan, Jirui and others},
  booktitle={Proceedings of the IEEE/CVF Conference on Computer Vision and Pattern Recognition},
  pages={21361--21370},
  year={2022}
}

@article{xia2017aid,
  title={AID: A benchmark data set for performance evaluation of aerial scene classification},
  author={Xia, Gui-Song and Hu, Jingwen and Hu, Fan and Shi, Baoguang and Bai, Xiang and Zhong, Yanfei and Zhang, Liangpei and Lu, Xiaoqiang},
  journal={IEEE Transactions on Geoscience and Remote Sensing},
  volume={55},
  number={7},
  pages={3965--3981},
  year={2017},
  publisher={IEEE}
}

@inproceedings{msbdn2020,
  title={Multi-scale boosted dehazing network with dense feature fusion},
  author={Dong, Hang and Pan, Jinshan and Xiang, Lei and Hu, Zhe and Zhang, Xinyi and Wang, Fei and Yang, Ming-Hsuan},
  booktitle={Proceedings of the IEEE/CVF conference on computer vision and pattern recognition},
  pages={2157--2167},
  year={2020}
}

@article{dehazeformer,
  title={Vision Transformers for Single Image Dehazing},
  author={Song, Yuda and He, Zhuqing and Qian, Hui and Du, Xin},
  journal={arXiv preprint arXiv:2204.03883},
  year={2022}
}

@article{liu2014sseq,
  title={No-reference image quality assessment based on spatial and spectral entropies},
  author={Liu, Lixiong and Liu, Bao and Huang, Hua and Bovik, Alan Conrad},
  journal={Signal processing: Image communication},
  volume={29},
  number={8},
  pages={856--863},
  year={2014},
  publisher={Elsevier}
}

@article{luo2001ciede2000,
  title={The development of the CIE 2000 colour-difference formula: CIEDE2000},
  author={Luo, M Ronnier and Cui, Guihua and Rigg, Bryan},
  journal={Color Research \& Application},
  volume={26},
  number={5},
  pages={340--350},
  year={2001},
  publisher={Wiley Online Library}
}

@inproceedings{yang2022d4,
  title={Self-Augmented Unpaired Image Dehazing via Density and Depth Decomposition},
  author={Yang, Yang and Wang, Chaoyue and Liu, Risheng and Zhang, Lin and Guo, Xiaojie and Tao, Dacheng},
  booktitle={Proceedings of the IEEE/CVF Conference on Computer Vision and Pattern Recognition},
  pages={2037--2046},
  year={2022}
}

@article{lin2019rice,
  title={A remote sensing image dataset for cloud removal},
  author={Lin, Daoyu and Xu, Guangluan and Wang, Xiaoke and Wang, Yang and Sun, Xian and Fu, Kun},
  journal={arXiv preprint arXiv:1901.00600},
  year={2019}
}

@inproceedings{zhang2017hazerd,
  title={Hazerd: an outdoor scene dataset and benchmark for single image dehazing},
  author={Zhang, Yanfu and Ding, Li and Sharma, Gaurav},
  booktitle={2017 IEEE international conference on image processing (ICIP)},
  pages={3205--3209},
  year={2017},
  organization={IEEE}
}

@inproceedings{ancuti2018ohaze,
  title={O-haze: a dehazing benchmark with real hazy and haze-free outdoor images},
  author={Ancuti, Codruta O and Ancuti, Cosmin and Timofte, Radu and De Vleeschouwer, Christophe},
  booktitle={Proceedings of the IEEE conference on computer vision and pattern recognition workshops},
  pages={754--762},
  year={2018}
}

@inproceedings{NEURIPS2021_mlp,
     author = {Tolstikhin, Ilya O and Houlsby, Neil and Kolesnikov, Alexander and Beyer, Lucas and Zhai, Xiaohua and Unterthiner, Thomas and Yung, Jessica and Steiner, Andreas and Keysers, Daniel and Uszkoreit, Jakob and Lucic, Mario and Dosovitskiy, Alexey},
     booktitle = {Advances in Neural Information Processing Systems},
     editor = {M. Ranzato and A. Beygelzimer and Y. Dauphin and P.S. Liang and J. Wortman Vaughan},
     pages = {24261--24272},
     publisher = {Curran Associates, Inc.},
     title = {MLP-Mixer: An all-MLP Architecture for Vision},
     volume = {34},
     year = {2021}
}

@article{li2018reside,
  title={Benchmarking single-image dehazing and beyond},
  author={Li, Boyi and Ren, Wenqi and Fu, Dengpan and Tao, Dacheng and Feng, Dan and Zeng, Wenjun and Wang, Zhangyang},
  journal={IEEE Transactions on Image Processing},
  volume={28},
  number={1},
  pages={492--505},
  year={2018},
  publisher={IEEE}
}

@article{niu2021review_on_attention,
  title={A review on the attention mechanism of deep learning},
  author={Niu, Zhaoyang and Zhong, Guoqiang and Yu, Hui},
  journal={Neurocomputing},
  volume={452},
  pages={48--62},
  year={2021},
  publisher={Elsevier}
}

@inproceedings{chen2020dynamic,
  title={Dynamic convolution: Attention over convolution kernels},
  author={Chen, Yinpeng and Dai, Xiyang and Liu, Mengchen and Chen, Dongdong and Yuan, Lu and Liu, Zicheng},
  booktitle={Proceedings of the IEEE/CVF Conference on Computer Vision and Pattern Recognition},
  pages={11030--11039},
  year={2020}
}

@article{vaswani2017attention,
  title={Attention is all you need},
  author={Vaswani, Ashish and Shazeer, Noam and Parmar, Niki and Uszkoreit, Jakob and Jones, Llion and Gomez, Aidan N and Kaiser, {\L}ukasz and Polosukhin, Illia},
  journal={Advances in neural information processing systems},
  volume={30},
  year={2017}
}

@article{rao2022hornet,
  title={Hornet: Efficient high-order spatial interactions with recursive gated convolutions},
  author={Rao, Yongming and Zhao, Wenliang and Tang, Yansong and Zhou, Jie and Lim, Ser-Nam and Lu, Jiwen},
  journal={arXiv preprint arXiv:2207.14284},
  year={2022}
}

@article{yang2022mstfdn,
  title={MSTFDN: Multi-scale transformer fusion dehazing network},
  author={Yang, Yan and Zhang, Haowen and Wu, Xudong and Liang, Xiaozhen},
  journal={Applied Intelligence},
  pages={1--12},
  year={2022},
  publisher={Springer}
}

@article{gao2022novel,
  title={A Novel Transformer-Based Attention Network for Image Dehazing},
  author={Gao, Guanlei and Cao, Jie and Bao, Chun and Hao, Qun and Ma, Aoqi and Li, Gang},
  journal={Sensors},
  volume={22},
  number={9},
  pages={3428},
  year={2022},
  publisher={MDPI}
}

@ARTICLE{2022selfguided,
  author={Bai, Haoran and Pan, Jinshan and Xiang, Xinguang and Tang, Jinhui},
  journal={IEEE Transactions on Image Processing}, 
  title={Self-Guided Image Dehazing Using Progressive Feature Fusion}, 
  year={2022},
  volume={31},
  number={},
  pages={1217-1229},
  doi={10.1109/TIP.2022.3140609}
}


@article{feng2021urnet,
  title={URNet: A U-Net based residual network for image dehazing},
  author={Feng, Ting and Wang, Chuansheng and Chen, Xinwei and Fan, Haoyi and Zeng, Kun and Li, Zuoyong},
  journal={Applied Soft Computing},
  volume={102},
  pages={106884},
  year={2021},
  publisher={Elsevier}
}

@INPROCEEDINGS{GAOD,
  author={Chen, Shuaiyu and Cheng, Jia and Huang, Zeyu},
  booktitle={2021 3rd International Academic Exchange Conference on Science and Technology Innovation (IAECST)}, 
  title={GADO-Net: An Improved AOD-Net Single Image Dehazing Algorithm}, 
  year={2021},
  volume={},
  number={},
  pages={640-646},
  doi={10.1109/IAECST54258.2021.9695731}
}

@article{2020FAOD,
  title={FAOD-Net: A Fast AOD-Net for Dehazing Single Image},
  author={ Qian, W.  and  Zhou, C.  and  Zhang, D. },
  journal={Mathematical Problems in Engineering},
  volume={2020},
  pages={1-11},
  year={2020},
}

@article{2020FAMED,
  title={FAMED-Net: A Fast and Accurate Multi-Scale End-to-End Dehazing Network},
  author={ Zhang, Jing  and  Tao, Dacheng },
  journal={IEEE},
  number={1},
  year={2020},
}

%@article{2019AttentionGAN,
  title={AttentionGAN: Unpaired Image-to-Image Translation using Attention-Guided Generative Adversarial Networks},
  author={ Tang, H.  and  Liu, H.  and  Xu, D.  and  Torr, Phs  and  Sebe, N. },
  journal={IEEE Transactions on Neural Networks and Learning Systems},
  year={2019},
}

@article{zheng2022dehaze,
  title={Dehaze-AGGAN: Unpaired Remote Sensing Image Dehazing Using Enhanced Attention-Guide Generative Adversarial Networks},
  author={Zheng, Yitong and Su, Jia and Zhang, Shun and Tao, Mingliang and Wang, Ling},
  journal={IEEE Transactions on Geoscience and Remote Sensing},
  volume={60},
  pages={1--13},
  year={2022},
  publisher={IEEE}
}

@article{liu2021semiphysical,
  title={A Semiphysical Approach of Haze Removal for Landsat Image},
  author={Liu, Feng and Lv, Yanjie and Li, Buhang and Gao, Shuai and Qin, Yuchu},
  journal={IEEE Journal of Selected Topics in Applied Earth Observations and Remote Sensing},
  volume={14},
  pages={7410--7421},
  year={2021},
  publisher={IEEE}
}

@article{makarau2014haze,
  title={Haze detection and removal in remotely sensed multispectral imagery},
  author={Makarau, Aliaksei and Richter, Rudolf and M{\"u}ller, Rupert and Reinartz, Peter},
  journal={IEEE Transactions on Geoscience and Remote Sensing},
  volume={52},
  number={9},
  pages={5895--5905},
  year={2014},
  publisher={IEEE}
}

@article{han2021edge,
  title={Edge-preserving filtering-based dehazing for remote sensing images},
  author={Han, Yi and Yin, Ming and Duan, Puhong and Ghamisi, Pedram},
  journal={IEEE Geoscience and Remote Sensing Letters},
  volume={19},
  pages={1--5},
  year={2021},
  publisher={IEEE}
}

@inproceedings{carion2020end,
  title={End-to-end object detection with transformers},
  author={Carion, Nicolas and Massa, Francisco and Synnaeve, Gabriel and Usunier, Nicolas and Kirillov, Alexander and Zagoruyko, Sergey},
  booktitle={European conference on computer vision},
  pages={213--229},
  year={2020},
  organization={Springer}
}

@article{ge2021yolox,
  title={Yolox: Exceeding yolo series in 2021},
  author={Ge, Zheng and Liu, Songtao and Wang, Feng and Li, Zeming and Sun, Jian},
  journal={arXiv preprint arXiv:2107.08430},
  year={2021}
}

@article{wang2022yolov7,
  title={YOLOv7: Trainable bag-of-freebies sets new state-of-the-art for real-time object detectors},
  author={Wang, Chien-Yao and Bochkovskiy, Alexey and Liao, Hong-Yuan Mark},
  journal={arXiv preprint arXiv:2207.02696},
  year={2022}
}

@inproceedings{lee2021task,
  title={Task-driven deep image enhancement network for autonomous driving in bad weather},
  author={Lee, Younkwan and Jeon, Jihyo and Ko, Yeongmin and Jeon, Byunggwan and Jeon, Moongu},
  booktitle={2021 IEEE International Conference on Robotics and Automation (ICRA)},
  pages={13746--13753},
  year={2021},
  organization={IEEE}
}

@article{he2010single,
  title={Single image haze removal using dark channel prior},
  author={He, Kaiming and Sun, Jian and Tang, Xiaoou},
  journal={IEEE transactions on pattern analysis and machine intelligence},
  volume={33},
  number={12},
  pages={2341--2353},
  year={2010},
  publisher={IEEE}
}

@ARTICLE{he2012guided,
  title={Guided Image Filtering}, 
  author={He, Kaiming and Sun, Jian and Tang, Xiaoou},
  journal={IEEE Transactions on Pattern Analysis and Machine Intelligence}, 
  year={2013},
  volume={35},
  number={6},
  pages={1397-1409},
  doi={10.1109/TPAMI.2012.213}
}

@inproceedings{xie2021image,
  title={Image defogging method combining light field depth estimation and dark channel},
  author={Xie, Bin and Yang, Junxia and Shen, Jianhao and Lv, Zhiming},
  booktitle={2021 IEEE International Conference on Consumer Electronics and Computer Engineering (ICCECE)},
  pages={745--749},
  year={2021},
  organization={IEEE}
}

@article{cai2016dehazenet,
  title={Dehazenet: An end-to-end system for single image haze removal},
  author={Cai, Bolun and Xu, Xiangmin and Jia, Kui and Qing, Chunmei and Tao, Dacheng},
  journal={IEEE Transactions on Image Processing},
  volume={25},
  number={11},
  pages={5187--5198},
  year={2016},
  publisher={IEEE}
}

@inproceedings{liao2018hdp,
  title={Hdp-net: Haze density prediction network for nighttime dehazing},
  author={Liao, Yinghong and Su, Zhuo and Liang, Xiangguo and Qiu, Bin},
  booktitle={Pacific Rim Conference on Multimedia},
  pages={469--480},
  year={2018},
  organization={Springer}
}

@inproceedings{li2020all,
  title={All in one bad weather removal using architectural search},
  author={Li, Ruoteng and Tan, Robby T and Cheong, Loong-Fah},
  booktitle={Proceedings of the IEEE/CVF conference on computer vision and pattern recognition},
  pages={3175--3185},
  year={2020}
}

@article{jiao2021guided,
  title={Guided-Pix2Pix: End-to-end inference and refinement network for image dehazing},
  author={Jiao, Libin and Hu, Changmiao and Huo, Lianzhi and Tang, Ping},
  journal={IEEE Journal of Selected Topics in Applied Earth Observations and Remote Sensing},
  volume={14},
  pages={3052--3069},
  year={2021},
  publisher={IEEE}
}

@article{guo2020joint,
  title={Joint raindrop and haze removal from a single image},
  author={Guo, Yina and Chen, Jianguo and Ren, Xiaowen and Wang, Anhong and Wang, Wenwu},
  journal={IEEE Transactions on Image Processing},
  volume={29},
  pages={9508--9519},
  year={2020},
  publisher={IEEE}
}

@article{li2020deep,
  title={Deep dehazing network with latent ensembling architecture and adversarial learning},
  author={Li, Yuenan and Liu, Yuhang and Yan, Qixin and Zhang, Kuangshi},
  journal={IEEE Transactions on Image Processing},
  volume={30},
  pages={1354--1368},
  year={2020},
  publisher={IEEE}
}

%@article{ding2021perceptual,
  title={Perceptual enhancement for autonomous vehicles: restoring visually degraded images for context prediction via adversarial training},
  author={Ding, Feng and Yu, Keping and Gu, Zonghua and Li, Xiangjun and Shi, Yunqing},
  journal={IEEE Transactions on Intelligent Transportation Systems},
  year={2021},
  publisher={IEEE}
}

@inproceedings{li2017aod,
  title={Aod-net: All-in-one dehazing network},
  author={Li, Boyi and Peng, Xiulian and Wang, Zhangyang and Xu, Jizheng and Feng, Dan},
  booktitle={Proceedings of the IEEE international conference on computer vision},
  pages={4770--4778},
  year={2017}
}

@article{ullah2021light,
  title={Light-DehazeNet: a novel lightweight CNN architecture for single image dehazing},
  author={Ullah, Hayat and Muhammad, Khan and Irfan, Muhammad and Anwar, Saeed and Sajjad, Muhammad and Imran, Ali Shariq and de Albuquerque, Victor Hugo C},
  journal={IEEE Transactions on Image Processing},
  volume={30},
  pages={8968--8982},
  year={2021},
  publisher={IEEE}
}

@inproceedings{ronneberger2015u,
  title={U-net: Convolutional networks for biomedical image segmentation},
  author={Ronneberger, Olaf and Fischer, Philipp and Brox, Thomas},
  booktitle={International Conference on Medical image computing and computer-assisted intervention},
  pages={234--241},
  year={2015},
  organization={Springer}
}

@inproceedings{dong2020multi,
  title={Multi-scale boosted dehazing network with dense feature fusion},
  author={Dong, Hang and Pan, Jinshan and Xiang, Lei and Hu, Zhe and Zhang, Xinyi and Wang, Fei and Yang, Ming-Hsuan},
  booktitle={Proceedings of the IEEE/CVF conference on computer vision and pattern recognition},
  pages={2157--2167},
  year={2020}
}

@inproceedings{ren2018gated,
  title={Gated fusion network for single image dehazing},
  author={Ren, Wenqi and Ma, Lin and Zhang, Jiawei and Pan, Jinshan and Cao, Xiaochun and Liu, Wei and Yang, Ming-Hsuan},
  booktitle={Proceedings of the IEEE conference on computer vision and pattern recognition},
  pages={3253--3261},
  year={2018}
}

@inproceedings{chen2019gated,
  title={Gated context aggregation network for image dehazing and deraining},
  author={Chen, Dongdong and He, Mingming and Fan, Qingnan and Liao, Jing and Zhang, Liheng and Hou, Dongdong and Yuan, Lu and Hua, Gang},
  booktitle={2019 IEEE winter conference on applications of computer vision (WACV)},
  pages={1375--1383},
  year={2019},
  organization={IEEE}
}

@inproceedings{lee2020cnn,
  title={CNN-Based Simultaneous Dehazing and Depth Estimation},
  author={Lee, Byeong-Uk and Lee, Kyunghyun and Oh, Jean and Kweon, In So},
  booktitle={2020 IEEE International Conference on Robotics and Automation (ICRA)},
  pages={9722--9728},
  year={2020},
  organization={IEEE}
}

@article{li2021underwater,
  title={Underwater image enhancement via medium transmission-guided multi-color space embedding},
  author={Li, Chongyi and Anwar, Saeed and Hou, Junhui and Cong, Runmin and Guo, Chunle and Ren, Wenqi},
  journal={IEEE Transactions on Image Processing},
  volume={30},
  pages={4985--5000},
  year={2021},
  publisher={IEEE}
}

@article{mehra2020reviewnet,
  title={Reviewnet: A fast and resource optimized network for enabling safe autonomous driving in hazy weather conditions},
  author={Mehra, Aryan and Mandal, Murari and Narang, Pratik and Chamola, Vinay},
  journal={IEEE Transactions on Intelligent Transportation Systems},
  volume={22},
  number={7},
  pages={4256--4266},
  year={2020},
  publisher={IEEE}
}

@inproceedings{liu2019griddehazenet,
  title={Griddehazenet: Attention-based multi-scale network for image dehazing},
  author={Liu, Xiaohong and Ma, Yongrui and Shi, Zhihao and Chen, Jun},
  booktitle={Proceedings of the IEEE/CVF international conference on computer vision},
  pages={7314--7323},
  year={2019}
}

@inproceedings{qin2020ffa,
  title={FFA-Net: Feature fusion attention network for single image dehazing},
  author={Qin, Xu and Wang, Zhilin and Bai, Yuanchao and Xie, Xiaodong and Jia, Huizhu},
  booktitle={Proceedings of the AAAI Conference on Artificial Intelligence},
  volume={34},
  number={07},
  pages={11908--11915},
  year={2020}
}

@article{zhang2020multi,
  title={Multi-level fusion and attention-guided CNN for image dehazing},
  author={Zhang, Xiaoqin and Wang, Tao and Luo, Wenhan and Huang, Pengcheng},
  journal={IEEE Transactions on Circuits and Systems for Video Technology},
  volume={31},
  number={11},
  pages={4162--4173},
  year={2020},
  publisher={IEEE}
}

@inproceedings{hu2018squeeze,
  title={Squeeze-and-excitation networks},
  author={Hu, Jie and Shen, Li and Sun, Gang},
  booktitle={Proceedings of the IEEE conference on computer vision and pattern recognition},
  pages={7132--7141},
  year={2018}
}

@inproceedings{woo2018cbam,
  title={Cbam: Convolutional block attention module},
  author={Woo, Sanghyun and Park, Jongchan and Lee, Joon-Young and Kweon, In So},
  booktitle={Proceedings of the European conference on computer vision (ECCV)},
  pages={3--19},
  year={2018}
}

@article{zhao2016loss,
  title={Loss functions for image restoration with neural networks},
  author={Zhao, Hang and Gallo, Orazio and Frosio, Iuri and Kautz, Jan},
  journal={IEEE Transactions on computational imaging},
  volume={3},
  number={1},
  pages={47--57},
  year={2016},
  publisher={IEEE}
}

@inproceedings{lim2017enhanced,
  title={Enhanced deep residual networks for single image super-resolution},
  author={Lim, Bee and Son, Sanghyun and Kim, Heewon and Nah, Seungjun and Mu Lee, Kyoung},
  booktitle={Proceedings of the IEEE conference on computer vision and pattern recognition workshops},
  pages={136--144},
  year={2017}
}

@inproceedings{rad2019srobb,
  title={Srobb: Targeted perceptual loss for single image super-resolution},
  author={Rad, Mohammad Saeed and Bozorgtabar, Behzad and Marti, Urs-Viktor and Basler, Max and Ekenel, Hazim Kemal and Thiran, Jean-Philippe},
  booktitle={Proceedings of the IEEE/CVF International Conference on Computer Vision},
  pages={2710--2719},
  year={2019}
}

@article{li2018benchmarking,
  title={Benchmarking single-image dehazing and beyond},
  author={Li, Boyi and Ren, Wenqi and Fu, Dengpan and Tao, Dacheng and Feng, Dan and Zeng, Wenjun and Wang, Zhangyang},
  journal={IEEE Transactions on Image Processing},
  volume={28},
  number={1},
  pages={492--505},
  year={2018},
  publisher={IEEE}
}

@inproceedings{mei2018progressive,
  title={Progressive feature fusion network for realistic image dehazing},
  author={Mei, Kangfu and Jiang, Aiwen and Li, Juncheng and Wang, Mingwen},
  booktitle={Asian conference on computer vision},
  pages={203--215},
  year={2018},
  organization={Springer}
}

@inproceedings{yang2019wavelet,
  title={Wavelet u-net and the chromatic adaptation transform for single image dehazing},
  author={Yang, Hao-Hsiang and Fu, Yanwei},
  booktitle={2019 IEEE International Conference on Image Processing (ICIP)},
  pages={2736--2740},
  year={2019},
  organization={IEEE}
}

@inproceedings{yang2022self,
  title={Self-Augmented Unpaired Image Dehazing via Density and Depth Decomposition},
  author={Yang, Yang and Wang, Chaoyue and Liu, Risheng and Zhang, Lin and Guo, Xiaojie and Tao, Dacheng},
  booktitle={Proceedings of the IEEE/CVF Conference on Computer Vision and Pattern Recognition},
  pages={2037--2046},
  year={2022}
}